<record><leader>00000cas a2200000 a 4500</leader><controlfield tag="001">26048695</controlfield><controlfield tag="008">920619d192919uuiludn ne      0   a0eng c</controlfield><datafield ind1=" " ind2=" " tag="010"><subfield code="a">sn 92053901 </subfield></datafield><datafield ind1=" " ind2=" " tag="040"><subfield code="a">NVF</subfield><subfield code="b">eng</subfield><subfield code="c">NVF</subfield><subfield code="d">OCLCQ</subfield><subfield code="d">NVF</subfield><subfield code="d">OCLCQ</subfield><subfield code="d">NVF</subfield><subfield code="d">OCLCF</subfield><subfield code="d">OCLCO</subfield></datafield><datafield ind1="1" ind2=" " tag="029"><subfield code="a">AU@</subfield><subfield code="b">000020705667</subfield></datafield><datafield ind1=" " ind2=" " tag="042"><subfield code="a">pcc</subfield></datafield><datafield ind1=" " ind2=" " tag="043"><subfield code="a">n-us-il</subfield></datafield><datafield ind1="0" ind2="0" tag="245"><subfield code="a">Carmi Democrat-tribune.</subfield></datafield><datafield ind1="3" ind2=" " tag="246"><subfield code="a">Carmi Democrat tribune</subfield></datafield><datafield ind1=" " ind2=" " tag="260"><subfield code="a">Carmi, White County, Ill. :</subfield><subfield code="b">Carmi Democrat-Tribune Pub. Co.,</subfield><subfield code="c">1929-[19--?].</subfield></datafield><datafield ind1=" " ind2=" " tag="300"><subfield code="a">v.</subfield></datafield><datafield ind1=" " ind2=" " tag="310"><subfield code="a">Daily (except Saturday &amp; Sunday),</subfield><subfield code="b">July 12, 1948-&lt;Apr. 27, 1955&gt;</subfield></datafield><datafield ind1=" " ind2=" " tag="321"><subfield code="a">Weekly,</subfield><subfield code="b">1929-July 8, 1948</subfield></datafield><datafield ind1="0" ind2=" " tag="362"><subfield code="a">Vol. 73, no. 19 (Nov. 7, 1929)-</subfield></datafield><datafield ind1=" " ind2=" " tag="515"><subfield code="a">Continues the numbering of White County Democrat (Carmi, Ill.).</subfield></datafield><datafield ind1=" " ind2=" " tag="580"><subfield code="a">Formed by the union of: White County Democrat (Carmi, Ill.), and: Carmi tribune-times.</subfield></datafield><datafield ind1=" " ind2=" " tag="588"><subfield code="a">Latest issue consulted: Apr. 27, 1955.</subfield></datafield><datafield ind1=" " ind2="0" tag="651"><subfield code="a">Carmi (Ill.)</subfield><subfield code="v">Newspapers.</subfield></datafield><datafield ind1=" " ind2="7" tag="655"><subfield code="a">Newspapers.</subfield><subfield code="2">fast</subfield><subfield code="0">(OCoLC)fst01423814</subfield></datafield><datafield ind1=" " ind2="7" tag="651"><subfield code="a">Illinois</subfield><subfield code="z">Carmi.</subfield><subfield code="2">fast</subfield><subfield code="0">(OCoLC)fst01217648</subfield></datafield><datafield ind1=" " ind2=" " tag="752"><subfield code="a">United States</subfield><subfield code="b">Illinois</subfield><subfield code="c">White</subfield><subfield code="d">Carmi.</subfield></datafield><datafield ind1="1" ind2="4" tag="780"><subfield code="t">White County Democrat (Carmi, Ill.)</subfield><subfield code="w">(DLC)sn 92053900</subfield><subfield code="w">(OCoLC)26048647</subfield></datafield><datafield ind1="1" ind2="4" tag="780"><subfield code="t">Carmi tribune-times</subfield><subfield code="w">(DLC)sn 92053899</subfield><subfield code="w">(OCoLC)26048605</subfield></datafield></record>